<?xml version="1.0" encoding="UTF-8"?><collection><record><leader>10833ntm a2201045 a 4500</leader><controlfield tag="001">006814658</controlfield><controlfield tag="003">MiAaHDL</controlfield><controlfield tag="005">20190719000000.0</controlfield><controlfield tag="006">m        d        </controlfield><controlfield tag="007">cr bn ---auaua</controlfield><controlfield tag="008">090609m16001797xx            00| ||ara d</controlfield><datafield tag="035" ind1=" " ind2=" "><subfield code="a">(MiU)006814658</subfield></datafield><datafield tag="035" ind1=" " ind2=" "><subfield code="a">sdr-miu006814658</subfield></datafield><datafield tag="040" ind1=" " ind2=" "><subfield code="a">MiU</subfield><subfield code="c">MiU</subfield><subfield code="e">amremm</subfield></datafield><datafield tag="041" ind1="0" ind2=" "><subfield code="a">ara</subfield><subfield code="a">per</subfield></datafield><datafield tag="043" ind1=" " ind2=" "><subfield code="a">n-us-mi</subfield></datafield><datafield tag="245" ind1="0" ind2="0"><subfield code="6">880-03</subfield><subfield code="a">Hutut-ı mütenevvia-yı İslamiye albümü,</subfield><subfield code="f">[1009 to 1211, i.e. 1600 to 1797].</subfield></datafield><datafield tag="246" ind1="3" ind2=" "><subfield code="a">Hutût-ı Mütenevvia-ı İslâmiye Albümü</subfield></datafield><datafield tag="260" ind1=" " ind2=" "><subfield code="c">[1600-1797].</subfield></datafield><datafield tag="300" ind1=" " ind2=" "><subfield code="a">19 panels :</subfield><subfield code="b">paper ;</subfield><subfield code="c">220 x 320 mm. bound to 235 x 345 mm.</subfield></datafield><datafield tag="500" ind1=" " ind2=" "><subfield code="a">Shelfmark: Ann Arbor, University of Michigan, Special Collections Library, Isl. Ms. 439</subfield></datafield><datafield tag="500" ind1=" " ind2=" "><subfield code="a">Origin: Dates in dated pieces range from 1009 [1600 or 1] to 1211 [1796 or 7]. Some pieces possibly earlier. Binding late 19th or early 20th century, likely produced in Yıldız Palace workshop and certainly not earlier than 1882 when the arma was finalized by Sultan Abdülhamit II.</subfield></datafield><datafield tag="500" ind1=" " ind2=" "><subfield code="a">Former shelfmark: "211" inscribed in pencil on opening panel.</subfield></datafield><datafield tag="500" ind1=" " ind2=" "><subfield code="a">Binding: Heavy boards covered in red leather ; Western style binding ; interior of boards (and facing panels) lined with white, textured paper (satin-like pattern) ; upper and lower covers carry central panel with the Ottoman arms (upper cover) or crescent and star (lower cover) gold-stamped on bright green satin, outlined in gold-tooled stars and bordered in gold-stamped (with dark green leather onlays) cartouches with crescent and star accents ; board edges heavily beveled and gold-tooled ; edges of panels gold-painted ; sewn in heavy pink cord ; overall in fairly good condition with minor abrasion, lifting and losses of onlays, etc.</subfield></datafield><datafield tag="500" ind1=" " ind2=" "><subfield code="a">Support: Calligraphic pieces on assorted laid papers, well-burnished ; some decorative papers, tinted or marbled ; each mounted in heavy pasteboards (panels) covered in dark green coated and textured paper with edges gold-painted.</subfield></datafield><datafield tag="500" ind1=" " ind2=" "><subfield code="a">Decoration: Varies by piece ; use of gold and colored pigments in frames, decorative borders, textual dividers and accents (mainly rosettes).</subfield></datafield><datafield tag="500" ind1=" " ind2=" "><subfield code="a">Script: Naskh (nesih), thuluth (sülüs) and nastaʻlīq (talik), varying by piece ; superb Ottoman and Persian calligraphic hands.</subfield></datafield><datafield tag="500" ind1=" " ind2=" "><subfield code="a">Layout: Varies greatly by piece.</subfield></datafield><datafield tag="500" ind1=" " ind2=" "><subfield code="a">Collation: 19 heavy panels (pasteboards) attached via red cloth stubs (supported by further board).</subfield></datafield><datafield tag="500" ind1=" " ind2=" "><subfield code="a">Title from upper cover.</subfield></datafield><datafield tag="500" ind1=" " ind2=" "><subfield code="a">Ms. codex.</subfield></datafield><datafield tag="505" ind1="0" ind2=" "><subfield code="a">38. fol.19b : [blank].</subfield></datafield><datafield tag="505" ind1="0" ind2=" "><subfield code="a">37. fol.19a : unsigned piece in nastaliq, undated.</subfield></datafield><datafield tag="505" ind1="0" ind2=" "><subfield code="a">36. fol.18b : piece in thuluth and naskh signed by the calligrapher İsmail Zühtü (İsmail Zühdi d.1806, نمقه الفقير اسمعيل الزهدى) and undated.</subfield></datafield><datafield tag="505" ind1="0" ind2=" "><subfield code="a">35. fol.18a : piece in thuluth and naskh signed by the calligrapher İbrahim Afif (d.1767) (سوده ابراهيم عفيف) and undated.</subfield></datafield><datafield tag="505" ind1="0" ind2=" "><subfield code="a">34. fol.17b : piece in nastaʻlīq (talik) signed by the calligrapher Şeyhülislam Veliüddin Efendi (d.1768) (العبد الداعى ولى الدين المفتش باوقاف الحرمين) and dated 1142 [1729 or 30].</subfield></datafield><datafield tag="505" ind1="0" ind2=" "><subfield code="a">33. fol.17a : piece in thuluth and naskh signed by the calligrapher Usturacızade Mehmet Şehri (d.1740) (سوده الفقير محمد المعروف بشهرى) and undated.</subfield></datafield><datafield tag="505" ind1="0" ind2=" "><subfield code="a">32. fol.16b : piece in thuluth and naskh signed by the calligrapher İsmail Zühtü (İsmail Zühdi d.1806, كتبه العبد الضعيف اسمعيل الزهدى) and undated.</subfield></datafield><datafield tag="505" ind1="0" ind2=" "><subfield code="a">31. fol.16a : unsigned piece in thuluth and naskh, undated.</subfield></datafield><datafield tag="505" ind1="0" ind2=" "><subfield code="a">30. fol.15b : piece in nastaʻlīq (talik) signed by the calligrapher Şeyhizade Mehmet Şihabuddin (الفقير حرقه شريفه شيخى زاده السيد محمد شهاب الدين) dated 1211 [1796 or 7].</subfield></datafield><datafield tag="505" ind1="0" ind2=" "><subfield code="a">29. fol.15a : unsigned piece in thuluth and naskh, undated.</subfield></datafield><datafield tag="505" ind1="0" ind2=" "><subfield code="a">28. fol.14b : piece in nastaʻlīq signed “بنده درگاه صفی” and dated 1182 [1768 or 9].</subfield></datafield><datafield tag="505" ind1="0" ind2=" "><subfield code="a">27. fol.14a : piece in thuluth and naskh signed by the calligrapher Hüseyin Hamid (d. after 1787) (كتبه العبد الضعيف السيد حسين الحامد) and dated 1181 [1767 or 8].</subfield></datafield><datafield tag="505" ind1="0" ind2=" "><subfield code="a">26. fol.13b : piece in nastaʻlīq signed by the calligrapher Sulṭān Ḥusayn (نمقه سلطان حسين) and undated.</subfield></datafield><datafield tag="505" ind1="0" ind2=" "><subfield code="a">25. fol.13a : piece in thuluth and naskh signed by the calligrapher Hafız Yusuf Efendi (d.1787) (كتبها عبد مذنب لا طاعة له يوسف المعروف بحافظ القرآن) and undated.</subfield></datafield><datafield tag="505" ind1="0" ind2=" "><subfield code="a">24. fol.12b : unsigned piece in nastaʻlīq (talik), undated.</subfield></datafield><datafield tag="505" ind1="0" ind2=" "><subfield code="a">23. fol.12a : unsigned piece in thuluth and naskh, undated.</subfield></datafield><datafield tag="505" ind1="0" ind2=" "><subfield code="a">22. fol.11b : unsigned piece in thuluth and naskh, undated.</subfield></datafield><datafield tag="505" ind1="0" ind2=" "><subfield code="a">21. fol.11a : piece in nastaʻlīq signed by the calligrapher Mīr ʻImād al-Ḥasanī (d.1615) (الفقير الحقير المذنب عماد الحسنى) and dated 1009 [1600 or 1].</subfield></datafield><datafield tag="505" ind1="0" ind2=" "><subfield code="a">20. fol.10b : piece in nastaʻlīq signed by the calligrapher Muḥammad ʻAlī (الفقير محمد على) and undated.</subfield></datafield><datafield tag="505" ind1="0" ind2=" "><subfield code="a">19. fol.10a: piece in nastaʻlīq (talik) signed by the calligrapher Mehmet Refi Efendi (d.1769) (الفقير المذنب محمد رفيع) and undated.</subfield></datafield><datafield tag="505" ind1="0" ind2=" "><subfield code="a">18. fol.9b : piece in thuluth and naskh signed by the calligrapher Ebubekir Raşit (d.1782) (سوده اضعف المذنبين ابو بكر راشد) and undated.</subfield></datafield><datafield tag="505" ind1="0" ind2=" "><subfield code="a">17. fol.9a : piece in nastaʻlīq signed by the calligrapher Shāh Maḥmūd al-Nishāpūrī (fl.1517-1572) (كتبه المذنب شاه محمود النشابورى) and undated, on textile.</subfield></datafield><datafield tag="505" ind1="0" ind2=" "><subfield code="a">16. fol.8b : unsigned piece in thuluth and naskh, undated.</subfield></datafield><datafield tag="505" ind1="0" ind2=" "><subfield code="a">15. fol.8a : unsigned piece in thuluth and naskh, undated.</subfield></datafield><datafield tag="505" ind1="0" ind2=" "><subfield code="a">14. fol.7b : unsigned piece in thuluth and naskh, undated.</subfield></datafield><datafield tag="505" ind1="0" ind2=" "><subfield code="a">13. fol.7a : piece in thuluth and naskh signed by the calligrapher İsmail Zühtü (İsmail Zühdi d.1806, كتبه اسماعيل الزهدى) and undated.</subfield></datafield><datafield tag="505" ind1="0" ind2=" "><subfield code="a">12. fol.6b : piece in nastaʻlīq (talik) signed by the calligrapher Durmuşzade Ahmet (d.1717) (الفقير المذنب احمد المدعو بطورمش زاده) and dated 1107 [1695 or 6].</subfield></datafield><datafield tag="505" ind1="0" ind2=" "><subfield code="a">11. fol.6a : piece in nastaʻlīq (talik) signed by the calligrapher Durmuşzade Ahmet (d.1717) (الفقير المذنب احمد المدعو بطورمش زاده) and dated 1107 [1695 or 6].</subfield></datafield><datafield tag="505" ind1="0" ind2=" "><subfield code="a">10. fol.5b : piece in nastaʻlīq signed by the calligrapher Aḥmad al-Ḥusaynī (كتبه العبد احمد الحسينى) and undated.</subfield></datafield><datafield tag="505" ind1="0" ind2=" "><subfield code="a">9. fol.5a : piece in thuluth and naskh signed by the calligrapher Eğrikapılı Mehmet Râsim Efendi (d.1756) (حرره الفقير الى رحمة ربه القدير محمد راسم) and undated.</subfield></datafield><datafield tag="505" ind1="0" ind2=" "><subfield code="a">8. fol.4b : piece in thuluth and naskh signed by the calligrapher Eğrikapılı Mehmet Râsim Efendi (d.1756) (نمقه الفقير محمد راسم) and undated.</subfield></datafield><datafield tag="505" ind1="0" ind2=" "><subfield code="a">7. fol.4a : piece in thuluth and naskh signed by the calligrapher Eğrikapılı Mehmet Râsim Efendi (d.1756) (حرره الفقير محمد راسم) and undated.</subfield></datafield><datafield tag="505" ind1="0" ind2=" "><subfield code="a">6. fol.3b : piece in thuluth and naskh signed by the calligrapher Eğrikapılı Mehmet Râsim Efendi (d.1756) (نمقه محمد راسم) and undated.</subfield></datafield><datafield tag="505" ind1="0" ind2=" "><subfield code="a">5. fol.3a : piece in thuluth and naskh signed by the calligrapher Eğrikapılı Mehmet Râsim Efendi (d.1756) (حرره محمد راسم) and undated.</subfield></datafield><datafield tag="505" ind1="0" ind2=" "><subfield code="a">4. fol.2b : piece in thuluth and naskh signed by the calligrapher Eğrikapılı Mehmet Râsim Efendi (d.1756) (نمقه محمد راسم) and undated.</subfield></datafield><datafield tag="505" ind1="0" ind2=" "><subfield code="a">3. fol.2a : unsigned piece in nastaliq, undated.</subfield></datafield><datafield tag="505" ind1="0" ind2=" "><subfield code="a">2. fol.1b : piece in thuluth and naskh signed by the calligrapher Mehmet Nuri Musa Efendizade (العبد المذنب محمد نورى بحافظ القرآن موسى افندى زاده) dated 1193 [1779 or 80].</subfield></datafield><datafield tag="505" ind1="0" ind2=" "><subfield code="a">1. fol.1a : [blank].</subfield></datafield><datafield tag="510" ind1="4" ind2=" "><subfield code="a">Blair, Sheila. Islamic calligraphy. Edinburgh: Edinburgh University Press, 2006.</subfield></datafield><datafield tag="510" ind1="4" ind2=" "><subfield code="a">Bayānī, Mahdī. Aḥvāl va āsār-i khūshʹnavīsān : nastaʻlīq navīsān. [Tehran] : Dānishgāh-i Tihrān, 1345 [1966].</subfield></datafield><datafield tag="510" ind1="4" ind2=" "><subfield code="a">Rado, Şevket. Türk hattatları : XV. yüzyıldan günümüze kadar gelmiş ünlü hattatların hayatları ve yazılarından örnekler. İstanbul : Yayın Matbaacılık Ticaret Limited Şti., [1984?].</subfield></datafield><datafield tag="510" ind1="4" ind2=" "><subfield code="a">Derman, M. Uğur. Letters in gold : Ottoman calligraphy from the Sakıp Sabancı collection, Istanbul. New York : Metropolitian Museum of Art : Distributed by H.N. Abrams, c1998.</subfield></datafield><datafield tag="510" ind1="4" ind2=" "><subfield code="a">Serin, Muhittin. "Amerika Birleşik Devletleri’ndeki Bazı Kütüphanelerde Bulunan İslam El Yazma Eserleri ve Michigan Üniversitesi II. Abdülhamid Koleksiyonu." Akademik Araştırmalar Dergisi 2, 4-5, (2000).</subfield></datafield><datafield tag="510" ind1="4" ind2=" "><subfield code="a">University of Michigan Library. Manuscripts &amp; papyri : an exhibition arranged for the XXVII International Congress of Orientalists, Ann Arbor, Michigan, August 13-19, 1967. (Ann Arbor, MI [?], 1967),</subfield><subfield code="c">no.29 p.8</subfield></datafield><datafield tag="520" ind1="8" ind2=" "><subfield code="a">Exquisite album of assorted calligraphic specimens (36 kıt'alar / pieces), likely assembled and bound for Sultan Abdülhamit II (r.1876-1909). Contents briefly addressed by Muhittin Serin in "Amerika Birleşik Devletleri’ndeki Bazı Kütüphanelerde Bulunan İslam El Yazma Eserleri ve Michigan Üniversitesi II. Abdülhamid Koleksiyonu." Contributions to the cataloguing from Mamoun Sakkal.</subfield></datafield><datafield tag="538" ind1=" " ind2=" "><subfield code="a">Mode of access: Internet.</subfield></datafield><datafield tag="541" ind1=" " ind2=" "><subfield code="c">Purchase ;</subfield><subfield code="a">Acquired by purchase (funds donated by Horace Rackham).</subfield><subfield code="d">1924.</subfield></datafield><datafield tag="546" ind1=" " ind2=" "><subfield code="a">Arabic and Persian.</subfield></datafield><datafield tag="561" ind1=" " ind2=" "><subfield code="a">Upper cover stamped with Ottoman arms (arma / آرما ), tuğra (ṭughrā / طغرا) at head only faintly visible though likely that of Sultan Abdülhamit II.</subfield></datafield><datafield tag="650" ind1=" " ind2="0"><subfield code="a">Manuscripts, Persian</subfield><subfield code="z">Michigan</subfield><subfield code="z">Ann Arbor.</subfield></datafield><datafield tag="650" ind1=" " ind2="0"><subfield code="a">Manuscripts, Arabic</subfield><subfield code="z">Michigan</subfield><subfield code="z">Ann Arbor.</subfield></datafield><datafield tag="650" ind1=" " ind2="0"><subfield code="a">Writing, Arabic</subfield><subfield code="v">Specimens.</subfield></datafield><datafield tag="650" ind1=" " ind2="0"><subfield code="a">Islamic calligraphy</subfield><subfield code="v">Specimens.</subfield></datafield><datafield tag="650" ind1=" " ind2="0"><subfield code="a">Calligraphy, Persian</subfield><subfield code="v">Specimens.</subfield></datafield><datafield tag="650" ind1=" " ind2="0"><subfield code="a">Calligraphy, Arabic</subfield><subfield code="v">Specimens.</subfield></datafield><datafield tag="650" ind1=" " ind2="0"><subfield code="a">Calligraphy, Turkish</subfield><subfield code="v">Specimens.</subfield></datafield><datafield tag="700" ind1="0" ind2=" "><subfield code="a">Abdülhamid</subfield><subfield code="b">II,</subfield><subfield code="c">Sultan of the Turks,</subfield><subfield code="d">1842-1918,</subfield><subfield code="e">former owner.</subfield></datafield><datafield tag="773" ind1="0" ind2=" "><subfield code="a">Abdul Hamid Collection.</subfield></datafield><datafield tag="880" ind1="0" ind2="0"><subfield code="6">245-03/</subfield><subfield code="a">خطوط متنوعۀ اسلاميۀ البومى,</subfield><subfield code="f">[1009ه الى 1211ه، 1600م الى 1797م].</subfield></datafield><datafield tag="CID" ind1=" " ind2=" "><subfield code="a">006814658</subfield></datafield><datafield tag="DAT" ind1="0" ind2=" "><subfield code="a">20190719102638.0</subfield><subfield code="b">20190719000000.0</subfield></datafield><datafield tag="DAT" ind1="1" ind2=" "><subfield code="a">20190719090653.0</subfield><subfield code="b">2019-07-19T16:12:10Z</subfield></datafield><datafield tag="DAT" ind1="2" ind2=" "><subfield code="a">2018-03-10T19:00:02Z</subfield></datafield><datafield tag="CAT" ind1=" " ind2=" "><subfield code="a">SDR-MIU</subfield><subfield code="d">EX LIBRIS - ALEPH</subfield><subfield code="l">prepare.pl-004-008</subfield></datafield><datafield tag="FMT" ind1=" " ind2=" "><subfield code="a">BK</subfield></datafield><datafield tag="HOL" ind1=" " ind2=" "><subfield code="0">sdr-miu006814658</subfield><subfield code="a">MiU</subfield><subfield code="b">SDR</subfield><subfield code="c">MIU</subfield><subfield code="p">mdp.39015079129154</subfield><subfield code="s">MIU</subfield><subfield code="1">006814658</subfield></datafield><datafield tag="974" ind1=" " ind2=" "><subfield code="b">MIU</subfield><subfield code="c">MIU</subfield><subfield code="d">20190719</subfield><subfield code="s">lit-dlps-dc</subfield><subfield code="u">mdp.39015079129154</subfield><subfield code="y">1797</subfield><subfield code="r">pd</subfield><subfield code="q">bib</subfield><subfield code="t">non-US bib date2, date type m &lt; 1896</subfield></datafield></record></collection>